@INPROCEEDINGS{mugume1,
  author={Mugume, Edwin and So, Daniel K. C.},
  booktitle={2015 IEEE International Conference on Communications (ICC)},
  title={Sleep mode mechanisms in dense small cell networks},
  year={2015},
  volume={},
  number={},
  pages={192-197},
  doi={10.1109/ICC.2015.7248320}}

@misc{cisco,
    author = {CISCO},
    title = {Cisco Annual Internet Report (2018-2023) White Paper},
    year = 2017,
    url = {https://www.cisco.com/c/en/us/solutions/collateral/executive-perspectives/annual-internet-report/white-paper-c11-741490.html},
    urldate = {August 10, 2023}}

@online{WinNT,
  author = {MultiMedia LLC},
  title = {{MS Windows NT} Kernel Description},
  year = 1999,
  url = {http://web.archive.org/web/20080207010024/http://www.808multimedia.com/winnt/kernel.htm},
  urldate = {August 15, 2023}
}

@article{chapweske2003ps,
  title={The PS/2 mouse/keyboard protocol},
  author={Chapweske, Adam},
  journal={electronic file available: http://www. computer-engineering. org/ps2protocol},
  year={2003}
}

@inproceedings{lee2011keyboard,
  title={Keyboard security: A technological review},
  author={Lee, Kyungroul and Yim, Kangbin},
  booktitle={2011 Fifth International Conference on Innovative Mobile and Internet Services in Ubiquitous Computing},
  pages={9--15},
  year={2011},
  organization={IEEE}
}

@article{ramakrishnan2021cpu,
  title={CPU overclocking: A performance assessment of air, cold plates, and two-phase immersion cooling},
  author={Ramakrishnan, Bharath and Alissa, Husam and Manousakis, Ioannis and Lankston, Robert and Bianchini, Ricardo and Kim, Washington and Baca, Rich and Misra, Pulkit A and Goiri, Inigo and Jalili, Majid and others},
  journal={IEEE Transactions on Components, Packaging and Manufacturing Technology},
  volume={11},
  number={10},
  pages={1703--1715},
  year={2021},
  publisher={IEEE}
}

@article{bianchini2004power,
  title={Power and energy management for server systems},
  author={Bianchini, Ricardo and Rajamony, Ram},
  journal={Computer},
  volume={37},
  number={11},
  pages={68--76},
  year={2004},
  publisher={IEEE}
}
@inproceedings{leischner2007security,
  title={Security through VLAN segmentation: Isolating and securing critical assets without loss of usability},
  author={Leischner, Garrett and Tews, Cody},
  booktitle={proceedings of the 9th Annual Western Power Delivery and Automation Conference, Spokane, WA},
  year={2007}
}
@article{samsico2023fortifying,
  title={Fortifying network attached storage: Implementation of multifactor authentication and drive sharing protocol for robust data protection for DLSU CCS TSG},
  author={Samsico, Aaron Earl DG},
  year={2023}
}

@article{singh2021robust,
  title={Robust Efficiency Evaluation of NextCloud and GoogleCloud},
  author={Singh, Nicholas and Bui, Kevin and Mailewa, Akalanka},
  journal={Advances in Technology},
  pages={536--545},
  year={2021}
}
@inproceedings{yi2023optimizations,
  title={Optimizations of Linux Software RAID System for Next-Generation Storage},
  author={Yi, Shushu and Yang, Yanning and Tang, Yunxiao and Zhou, Zixuan and Li, Junzhe and Yue, Chen and Jung, Myoungsoo and Zhang, Jie},
  booktitle={14TH ANNUAL NON-VOLATILE MEMORIES WORKSHOP, 2023},
  year={2023},
  organization={University of California}
}
